@article{Hlzer2019,
  doi = {10.1093/gigascience/giz039},
  url = {https://doi.org/10.1093/gigascience/giz039},
  year = {2019},
  month = may,
  publisher = {Oxford University Press ({OUP})},
  volume = {8},
  number = {5},
  author = {Martin H\"{o}lzer and Manja Marz},
  title = {De novo transcriptome assembly: A comprehensive cross-species comparison of short-read {RNA}-Seq assemblers},
  journal = {{GigaScience}}
}

@article{Hahn2011,
  doi = {10.1534/genetics.111.127019},
  url = {https://doi.org/10.1534/genetics.111.127019},
  year = {2011},
  month = nov,
  publisher = {Oxford University Press ({OUP})},
  volume = {189},
  number = {3},
  pages = {705--736},
  author = {Steven Hahn and Elton T. Young},
  title = {Transcriptional Regulation {inSaccharomyces} cerevisiae: Transcription Factor Regulation and Function,  Mechanisms of Initiation,  and Roles of Activators and Coactivators},
  journal = {Genetics}
}

@article{Kukurba2015,
  doi = {10.1101/pdb.top084970},
  url = {https://doi.org/10.1101/pdb.top084970},
  year = {2015},
  month = apr,
  publisher = {Cold Spring Harbor Laboratory},
  volume = {2015},
  number = {11},
  pages = {pdb.top084970},
  author = {Kimberly R. Kukurba and Stephen B. Montgomery},
  title = {{RNA} Sequencing and Analysis},
  journal = {Cold Spring Harbor Protocols}
}

@article{Pertea2012,
  doi = {10.3390/genes3030344},
  url = {https://doi.org/10.3390/genes3030344},
  year = {2012},
  month = jun,
  publisher = {{MDPI} {AG}},
  volume = {3},
  number = {3},
  pages = {344--360},
  author = {Mihaela Pertea},
  title = {The Human Transcriptome: An Unfinished Story},
  journal = {Genes}
}

@misc{illuminaSeq,
  author = {Illumina LLC},
  title = {Anintroduction to Next-Generation Sequencing Technology},
  year = 2007,
  url = {https://www.illumina.com/content/dam/illumina-marketing/documents/products/illumina_sequencing_introduction.pdf}
}

@misc{yourgenome,
 author = {yourgenome},
 title = { What does DNA do? },
 url = {https://www.yourgenome.org/facts/what-does-dna-do}
}


@article{Moore2006,
  doi = {10.1109/n-ssc.2006.4785860},
  url = {https://doi.org/10.1109/n-ssc.2006.4785860},
  year = {2006},
  month = sep,
  publisher = {Institute of Electrical and Electronics Engineers ({IEEE})},
  volume = {11},
  number = {3},
  pages = {33--35},
  author = {Gordon E. Moore},
  title = {Cramming more components onto integrated circuits,  Reprinted from Electronics,  volume 38,  number 8,  April 19,  1965,  pp.114 ff.},
  journal = {{IEEE} Solid-State Circuits Society Newsletter}
}

@article{Smith1986,
  doi = {10.1038/321674a0},
  url = {https://doi.org/10.1038/321674a0},
  year = {1986},
  month = jun,
  publisher = {Springer Science and Business Media {LLC}},
  volume = {321},
  number = {6071},
  pages = {674--679},
  author = {Lloyd M. Smith and Jane Z. Sanders and Robert J. Kaiser and Peter Hughes and Chris Dodd and Charles R. Connell and Cheryl Heiner and Stephen B. H. Kent and Leroy E. Hood},
  title = {Fluorescence detection in automated {DNA} sequence analysis},
  journal = {Nature}
}

@article{Sanger1977,
  doi = {10.1038/265687a0},
  url = {https://doi.org/10.1038/265687a0},
  year = {1977},
  month = feb,
  publisher = {Springer Science and Business Media {LLC}},
  volume = {265},
  number = {5596},
  pages = {687--695},
  author = {F. Sanger and G. M. Air and B. G. Barrell and N. L. Brown and A. R. Coulson and J. C. Fiddes and C. A. Hutchison and P. M. Slocombe and M. Smith},
  title = {Nucleotide sequence of bacteriophage $\upvarphi$X174 {DNA}},
  journal = {Nature}
}

@article{Hood2003,
  doi = {10.1038/nature01410},
  url = {https://doi.org/10.1038/nature01410},
  year = {2003},
  month = jan,
  publisher = {Springer Science and Business Media {LLC}},
  volume = {421},
  number = {6921},
  pages = {444--448},
  author = {Leroy Hood and David Galas},
  title = {The digital code of {DNA}},
  journal = {Nature}
}

@article{Maxam1977,
  doi = {10.1073/pnas.74.2.560},
  url = {https://doi.org/10.1073/pnas.74.2.560},
  year = {1977},
  month = feb,
  publisher = {Proceedings of the National Academy of Sciences},
  volume = {74},
  number = {2},
  pages = {560--564},
  author = {A. M. Maxam and W. Gilbert},
  title = {A new method for sequencing {DNA}.},
  journal = {Proceedings of the National Academy of Sciences}
}

@article{WATSON1953,
  doi = {10.1038/171737a0},
  url = {https://doi.org/10.1038/171737a0},
  year = {1953},
  month = apr,
  publisher = {Springer Science and Business Media {LLC}},
  volume = {171},
  number = {4356},
  pages = {737--738},
  author = {J. D. WATSON and F. H. C. CRICK},
  title = {Molecular Structure of Nucleic Acids: A Structure for Deoxyribose Nucleic Acid},
  journal = {Nature}
}

@article{Ingolia2012,
  doi = {10.1038/nprot.2012.086},
  url = {https://doi.org/10.1038/nprot.2012.086},
  year = {2012},
  month = jul,
  publisher = {Springer Science and Business Media {LLC}},
  volume = {7},
  number = {8},
  pages = {1534--1550},
  author = {Nicholas T Ingolia and Gloria A Brar and Silvia Rouskin and Anna M McGeachy and Jonathan S Weissman},
  title = {The ribosome profiling strategy for monitoring translation in vivo by deep sequencing of ribosome-protected {mRNA} fragments},
  journal = {Nature Protocols}
}
@article{Pelechano2013,
  doi = {10.1038/nature12121},
  url = {https://doi.org/10.1038/nature12121},
  year = {2013},
  month = apr,
  publisher = {Springer Science and Business Media {LLC}},
  volume = {497},
  number = {7447},
  pages = {127--131},
  author = {Vicent Pelechano and Wu Wei and Lars M. Steinmetz},
  title = {Extensive transcriptional heterogeneity revealed by isoform profiling},
  journal = {Nature}
}

@article{Alkadi2020,
  doi = {10.1007/s10142-020-00732-1},
  url = {https://doi.org/10.1007/s10142-020-00732-1},
  year = {2020},
  month = jan,
  publisher = {Springer Science and Business Media {LLC}},
  volume = {20},
  number = {4},
  pages = {523--536},
  author = {Mohamad Al kadi and Nicolas Jung and Shingo Ito and Shoichiro Kameoka and Takashi Hishida and Daisuke Motooka and Shota Nakamura and Tetsuya Iida and Daisuke Okuzaki},
  title = {{UNAGI}: an automated pipeline for nanopore full-length {cDNA} sequencing uncovers novel transcripts and isoforms in yeast},
  journal = {Functional {\&} Integrative Genomics}
}

@article{Shamir2020,
  doi = {10.1111/jcmm.15838},
  url = {https://doi.org/10.1111/jcmm.15838},
  year = {2020},
  month = sep,
  publisher = {Wiley},
  volume = {24},
  number = {21},
  pages = {12864--12868},
  author = {Inbal Shamir and Mor Abutbul-Amitai and Haya Abbas-Egbariya and Metsada Pasmanik-Chor and Gideon Paret and Yael Nevo-Caspi},
  title = {{STAT}3 isoforms differentially affect {ACE}2 expression: A potential target for {COVID}-19 therapy},
  journal = {Journal of Cellular and Molecular Medicine}
}

@article{Wilkening2013,
  doi = {10.1093/nar/gks1249},
  url = {https://doi.org/10.1093/nar/gks1249},
  year = {2013},
  month = jan,
  publisher = {Oxford University Press ({OUP})},
  volume = {41},
  number = {5},
  pages = {e65--e65},
  author = {Stefan Wilkening and Vicent Pelechano and Aino I. J\"{a}rvelin and Manu M. Tekkedil and Simon Anders and Vladimir Benes and Lars M. Steinmetz},
  title = {An efficient method for genome-wide polyadenylation site mapping and {RNA} quantification},
  journal = {Nucleic Acids Research}
}

These are references I might look at later:

@article{Kim2009,
author = {Doyil Kim and Argun Akcakanat and Gopal Singh and Chandeshwar Sharma and Funda Meric-Bernstam},
title = {Regulation and localization of ribosomal protein S6 kinase 1 isoforms},
journal = {Growth Factors},
volume = {27},
number = {1},
pages = {12-21},
year  = {2009},
publisher = {Taylor & Francis},
doi = {10.1080/08977190802556986},
note ={PMID: 19085255},
URL = { https://doi.org/10.1080/08977190802556986},
eprint = { https://doi.org/10.1080/08977190802556986}
}

@article{ReixachsSol2020,
  doi = {10.1038/s41467-020-15634-w},
  url = {https://doi.org/10.1038/s41467-020-15634-w},
  year = {2020},
  month = apr,
  publisher = {Springer Science and Business Media {LLC}},
  volume = {11},
  number = {1},
  author = {Marina Reixachs-Sol{\'{e}} and Jorge Ruiz-Orera and M. Mar Alb{\`{a}} and Eduardo Eyras},
  title = {Ribosome profiling at isoform level reveals evolutionary conserved impacts of differential splicing on the proteome},
  journal = {Nature Communications}
}

@article{Lee2002,
  doi = {10.1073/pnas.082119899},
  url = {https://doi.org/10.1073/pnas.082119899},
  year = {2002},
  month = apr,
  publisher = {Proceedings of the National Academy of Sciences},
  volume = {99},
  number = {9},
  pages = {5942--5947},
  author = {S.-W. Lee and S. J. Berger and S. Martinovic and L. Pasa-Tolic and G. A. Anderson and Y. Shen and R. Zhao and R. D. Smith},
  title = {Direct mass spectrometric analysis of intact proteins of the yeast large ribosomal subunit using capillary {LC}/{FTICR}},
  journal = {Proceedings of the National Academy of Sciences}
}

@article{Thorrez2008,
  doi = {10.1371/journal.pone.0001854},
  url = {https://doi.org/10.1371/journal.pone.0001854},
  year = {2008},
  month = mar,
  publisher = {Public Library of Science ({PLoS})},
  volume = {3},
  number = {3},
  pages = {e1854},
  author = {Lieven Thorrez and Katrijn Van Deun and L{\'{e}}on-Charles Tranchevent and Leentje Van Lommel and Kristof Engelen and Kathleen Marchal and Yves Moreau and Iven Van Mechelen and Frans Schuit},
  editor = {Sui Huang},
  title = {Using Ribosomal Protein Genes as Reference: A Tale of Caution},
  journal = {{PLoS} {ONE}}
}